%
% This is file `coppe.bib'.
%
% Bibliographic references for the documentation.
%
% Copyright (C) 2011 CoppeTeX Project and any individual authors listed
% elsewhere in this file.
%
% This program is free software; you can redistribute it and/or modify
% it under the terms of the GNU General Public License version 3 as
% published by the Free Software Foundation.
%
% This program is distributed in the hope that it will be useful,
% but WITHOUT ANY WARRANTY; without even the implied warranty of
% MERCHANTABILITY or FITNESS FOR A PARTICULAR PURPOSE. See the
% GNU General Public License version 3 for more details.
%
% You should have received a copy of the GNU General Public License
% version 3 along with this package (see COPYING file).
% If not, see <http://www.gnu.org/licenses/>.
%
% $URL: https://coppetex.svn.sourceforge.net/svnroot/coppetex/trunk/coppe.bib $
% $Id: coppe.bib 118 2008-10-18 14:17:06Z helano $
%
% Author(s): Vicente H. F. Batista
%            George O. Ainsworth Jr.
%


@article{Haghihi2015,
title = {Supersonic gas separators: Review of latest developments},
journal = {Journal of Natural Gas Science and Engineering},
volume = {27},
pages = {109-121},
year = {2015},
issn = {1875-5100},
doi = {https://doi.org/10.1016/j.jngse.2015.08.049},
url = {https://www.sciencedirect.com/science/article/pii/S1875510015301141},
author = {Mohammad Haghighi and Kelly Ann Hawboldt and Majid Abedinzadegan Abdi},
}
